@article{verlet1967,
    author = {Verlet, Loup},
    title = {Computer "Experiments" on Classical Fluids. I. Thermodynamical Properties of Lennard-Jones Molecules},
    year = {1967},
    month = jul,
    journal = {Physical Review},
    volume = 159,
    number = 1,
    pages = {98-103}
}

@article{dyer1993,
    author = {Dyer, Charles C.\ and Ip, Peter S.\ S.},
    title = {Softening in $N$-Body simulations of collisionless systems},
    year = {1993},
    month = may,
    journal = {Astrophysical Journal, Part 1},
    volume = 409,
    number = 1,
    pages = {60-67}
}

@book{aarseth2003,
    author = {Aarseth, Sverre J.},
    title = {Gravitational N-Body Simulations},
    year = {2003},
    month = oct,
    publisher = {Cambridge University Press},
    edition = {1. Auflage}
}

@misc{harris2007,
    author = {Harris, Mark},
    title = {Optimizing parallel reduction in CUDA},
    year = {2007},
    note = {\url{https://developer.download.nvidia.com/assets/cuda/files/reduction.pdf}, zuletzt abgerufen am 27.\ Januar 2019}
}

@incollection{nguyen2007,
    author = {Nyland, Lars and Harris, Mark and Prins, Jan},
    title = {Fast N-Body Simulation with CUDA},
    booktitle = {GPU Gems 3},
    editor = {Nguyen, Hubert},
    publisher = {Addison-Wesley},
    year = {2007},
    month = aug,
    chapter = {31},
    edition = {Erste Auflage},
    pages = {677-696}
}

@misc{cuda2011,
    title = {CUDA Toolkit 4.0 Readiness For CUDA Applications},
    year = {2011},
    month = mar
}

@misc{cppamp2012,
    title = {C++ AMP: Language and Programming Model -- Version 1.0},
    year = {2012},
    month = aug
}

@misc{harris2013,
    title = {CUDA Pro Tip: Write Flexible Kernels with Grid-Stride Loops},
    year = {2013},
    month = apr,
    note = {\url{https://devblogs.nvidia.com/cuda-pro-tip-write-flexible-kernels-grid-stride-loops/}, zuletzt abgerufen am 27.\ Januar 2019}
}

@misc{cuda2014,
    title = {NVIDIA CUDA Toolkit V6.0 -- Release Notes for Windows, Linux, and Mac OS},
    year = {2014},
    month = feb
}

@misc{luitjens2014,
    author = {Luitjens, Justin},
    title = {Faster Parallel Reductions on Kepler},
    year = {2014},
    month = feb,
    note = {\url{https://devblogs.nvidia.com/faster-parallel-reductions-kepler/}, zuletzt abgerufen am 27.\ Januar 2019}
}

@mastersthesis{trigkas2014,
    author = {Trigkas, Angelos},
    title = {Investigation of the OpenCL SYCL Programming Model},
    year = {2014},
    month = aug,
    school = {The University of Edinburgh},
    address = {Old College, South Bridge, Edinburgh EH8 9YL, Vereinigtes Königreich},
    type = {Masterarbeit}
}

@mastersthesis{li2016,
    author = {Li, Hongyu},
    title = {\begin{CJK*}{UTF8}{zhsong}在HSA系統上以間接Finalizer進行程式碼最佳化\end{CJK*}},
    year = {2016},
    month = jan,
    school = {National Taiwan University},
    address = {No. 1, Sec. 4, Roosevelt Rd., Taipei 10617, Taiwan},
    doi = {10.6342/NTU201601752}
}

@misc{lomueller2016,
    author = {Lomüller, Victor and Potter, Ralph and Dolinsky, Uwe},
    title = {C++ on Accelerators: Supporting Single-Source SYCL and HSA Programming Models Using Clang},
    year = {2016},
    month = mar,
    howpublished = {Vortrag},
    note = {\url{https://llvm.org/devmtg/2016-03/Presentations/Offload-EuroLLVM2016.pdf}, zuletzt abgerufen am 09.\ Februar 2019}
}

@misc{harris2016,
    author = {Harris, Mark},
    title = {CUDA 8 Features Revealed},
    year = {2016},
    month = apr,
    note = {\url{https://devblogs.nvidia.com/cuda-8-features-revealed/}, zuletzt abgerufen am 26.\ Januar 2019}
}

@mastersthesis{larsson2016,
    author = {Larsson, Marcus and Tsog, Nandinbaatar},
    title = {Time Predictability of GPU Kernel on an HSA Compliant Platform},
    year = {2016},
    month = jun,
    school = {Mälardalens högskola},
    address = {721 23 Västerås, Schweden},
    type = {Masterarbeit}
}

@phdthesis{sun2016,
    author = {Sun, Peng},
    title = {High-Level Programming Model for Heterogeneous Embedded Systems Using Multicore Industry Standard APIs},
    year = {2016},
    month = jun,
    school = {University of Houston},
    address = {4800 Calhoun Rd, Houston, TX 77004, USA}
}

@Inproceedings{sunyifan2016,
    author = {Sun, Yifan and Gong, Xiang and Ziabari, Amir Kavyan and Yu, Leiming and Li, Xiangyu and Mukherjee, Saoni and McCardwell, Carter and Villegas, Alejandro and Kaeli, David},
    title = {Hetero-Mark, A Benchmark Suite for CPU-GPU Collaborative Computing},
    year = {2016},
    month = sep,
    booktitle = {2016 IEEE International Symposium on Workload Characterization},
    pages = {1-10},
    doi = {10.1109/IISWC.2016.7581262}
}

@Inproceedings{dasilva2016,
    author = {{Cardoso da Silva}, Hércules and Pisani, Flávia and Borin, Edson},
    title = {A Comparative Study of SYCL, OpenCL, and OpenMP},
    year = {2016},
    month = oct,
    booktitle = {2016 International Symposium on Computer Architecture and High Performance Computing Workshops},
    pages = {61-66},
    doi = {10.1109/SBAC-PADW.2016.19}
}

@mastersthesis{jesensek2017,
    author = {Jesenšek, Jure},
    title = {Prenos orodja SYCL-GTX na operacijski sistem Linux in koprocesor Xeon Phi},
    year = {2017},
    school = {Univerza v Ljubljani},
    address = {Kongresni trg 12, 1000 Laibach, Slowenien}
}

@misc{njuffa2017,
    author = {njuffa},
    title = {theoretical/real shared/dram peak memory throughput},
    year = {2017},
    month = jan,
    note = {\url{https://devtalk.nvidia.com/default/topic/985255/cuda-programming-and-performance/theoretical-real-shared-dram-peak-memory-throughput/post/5048359/#5048359}, zuletzt abgerufen am 26.\ Januar 2019}
}

@Inproceedings{gomezluna2017,
    author = {Gómez-Luna, Juan and {El Hajj}, Izzat and Chang, Li-Wen and García-Flores, Víctor and {Garcia de Gonzalo}, Simon and Jablin, Thomas B. and Peña, Antonio J. and Hwu, Wen-mei},
    title = {Chai: Collaborative Heterogeneous Applications for Integrated-architectures},
    year = {2017},
    month = apr,
    booktitle = {2017 IEEE International Symposium on Performance Analysis of Systems and Software},
    pages = {43-54},
    doi = {10.1109/ISPASS.2017.7975269}
}

@Inproceedings{aliaga2017,
    author = {Aliaga, José I. and Reyes, Ruymán and Goli, Mehdi},
    title = {SYCL-BLAS: Leveraging Expression Trees for Linear Algebra},
    year = {2017},
    month = may,
    booktitle = {Proceedings of the \nth{5} International Workshop on OpenCL},
    articleno = {32},
    doi = {10.1145/3078155.3078189}
}

@Inproceedings{copik2017,
    author = {Copik, Marcin and Kaiser, Hartmut},
    title = {Using SYCL as Implementation Framework for HPX.Compute},
    year = {2017},
    month = may,
    booktitle = {Proceedings of the \nth{5} International Workshop on OpenCL},
    articleno = {30},
    doi = {10.1145/3078155.3078187}
}

@Inproceedings{doumoulakis2017,
    author = {Doumoulakis, Anastasios and Keryell, Ronan and O'Brien, Kenneth},
    title = {SYCL C++ and OpenCL interoperability experimentation with triSYCL},
    year = {2017},
    month = may,
    booktitle = {Proceedings of the \nth{5} International Workshop on OpenCL},
    articleno = {31},
    doi = {10.1145/3078155.3078188}
}

@Inproceedings{goli2017,
    author = {Goli, Mehdi and Iwanski, Luke and Richards, Andrew},
    title = {Accelerated Machine Learning Using TensorFlow and SYCL on OpenCL Devices},
    year = {2017},
    month = may,
    booktitle = {Proceedings of the \nth{5} International Workshop on OpenCL},
    articleno = {5},
    doi = {10.1145/3078155.3078160}
}

@Inproceedings{hou2017,
    author = {Hou, Kaixi and Wang, Hao and Feng, Wu-chun},
    title = {GPU-UniCache: Automatic Code Generation of Spatial Blocking for Stencils on GPUs},
    year = {2017},
    month = may,
    booktitle = {Proceedings of the Computing Frontiers Conference 2017},
    pages = {107-116},
    doi = {10.1145/3075564.3075583}
}

@Inproceedings{dashti2017,
    author = {Dashti, Mohammad and Fedorova, Alexandra},
    title = {Analyzing memory management methods in integrated CPU-GPU systems},
    year = {2017},
    month = jun,
    booktitle = {Proceedings of the 2017 ACM SIGPLAN International Symposium on Memory Management},
    pages = {59-69},
    doi = {10.1145/3156685.3092256}
}

@phdthesis{konstantinidis2017,
    author = {Konstantinidis, Elias N.},
    title = {A GPU performance estimation model based on micro-benchmarks and black-box kernel profiling},
    year = {2017},
    month = jul,
    school = {\textgreek{Εθνικό και Καποδιστριακό Πανεπιστήμιο Αθηνών}},
    address = {\textgreek{Πανεπιστημίου 30, 106 79 Αθήνα}, Griechenland}
}

@misc{intel2017,
    author = {Damkroger, Trish},
    title = {Unleashing High-Performance Computing Today and Tomorrow},
    year = {2017},
    month = nov,
    note = {\url{https://itpeernetwork.intel.com/unleashing-high-performance-computing}, zuletzt abgerufen am 18.\ Januar 2019}
}

@inproceedings{nobre2018,
    author = {Nobre, Ricardo and Reis, Luís and Bispo, João and Carvalho, Tiago and Cardoso, João M.\ P. and Cherubin, Stefano and Agosta, Giovanni},
    title = {Aspect-Driven Mixed-Precision Tuning Targeting GPUs},
    year = {2018},
    month = jan,
    booktitle = {Proceedings of the \nth{9} Workshop and \nth{7} Workshop on Parallel Programming and RunTime Management Techniques for Manycore Architectures and Design Tools and Architectures for Multicore Embedded Computing Platforms},
    pages = {26-31},
    doi = {10.1145/3183767.3183776}
}

@misc{cuda2018,
    title = {NVIDIA CUDA Toolkit 9.0.176 -- Release Notes for Windows, Linux, and Mac OS},
    year = {2018},
    month = mar
}

@inproceedings{sun2018,
    author = {Sun, Yifan and Mukherjee, Saoni and Baruah, Trinayan and Dong, Shi and Gutierrez, Julian and Mohan, Prannoy and Kaeli, David},
    title = {Evaluating Performance Tradeoffs on the Radeon Open Compute Platform},
    year = {2018},
    month = apr,
    booktitle = {2018 IEEE International Symposium on Performance Analysis of Systems and Software},
    pages = {209-218},
    doi = {10.1109/ISPASS.2018.00034}
}

@inproceedings{lobatogimenes2018,
    author = {{Lobato Gimenes}, Tiago and Pisani, Flávia and Borin, Edson},
    title = {Evaluating the Performance and Cost of Accelerating Seismic Processing with CUDA, OpenCL, OpenACC, and OpenMP},
    year = {2018},
    month = may,
    booktitle = {2018 IEEE International Parallel and Distributed Processing Symposium},
    pages = {399-408},
    doi = {10.1109/IPDPS.2018.00050}
}

@inproceedings{fare2018,
    author = {Fare, Callum},
    title = {Enabling Profiling for SYCL Applications},
    year = {2018},
    month = may,
    booktitle = {Proceedings of the \nth{6} International Workshop on OpenCL},
    articleno = {12},
    doi = {10.1145/3204919.3204931}
}

@inproceedings{keryell2018,
    author = {Keryell, Ronan and Yu, Lin-Ya},
    title = {Early experiments using SYCL single-source modern C++ on Xilinx FPGA: Extended Abstract of Technical Presentation},
    year = {2018},
    month = may,
    booktitle = {Proceedings of the \nth{6} International Workshop on OpenCL},
    articleno = {18},
    doi = {10.1145/3204919.3204937}
}

@inproceedings{stcleresmithe2018,
    author = {{St Clere Smithe}, Toby and Potter, Ralph},
    title = {Building a brain with SYCL and modern C++},
    year = {2018},
    month = may,
    booktitle = {Proceedings of the \nth{6} International Workshop on OpenCL},
    articleno = {9},
    doi = {10.1145/3204919.3204928}
}

@inproceedings{afzal2018,
    author = {Afzal, Ayesha and Schmitt, Christian and Alhaddad, Samer and Grynko, Yevgen and Teich, Jürgen and Förstner, Jens and Hannig, Frank},
    title = {Solving Maxwell's Equations with Modern C++ and SYCL: A Case Study},
    year = {2018},
    month = jul,
    booktitle = {IEEE 29th International Conference on Application-specific Systems, Architectures and Processors},
    doi = {10.1109/ASAP.2018.8445127}
}

@misc{ramarao2018,
    author = {Ramarao, Pramod},
    title = {CUDA 10 Features Revealed: Turing, CUDA Graphs, and More},
    year = {2018},
    month = sep,
    note = {\url{https://devblogs.nvidia.com/cuda-10-features-revealed/}, zuletzt abgerufen am 03.\ Februar 2019}
}

@misc{wong2018,
    author = {Wong, Michael},
    title = {The Future Direction of C++ and the Four Horsemen of Heterogeneous Computing},
    year = {2018},
    month = nov,
    howpublished = {Vortrag},
    note = {\url{https://www.youtube.com/watch?v=7Y3-pV_b-1U}, zuletzt abgerufen am 25.\ Januar 2019}
}

@misc{top500,
    author = {TOP500.org},
    title = {November 2018 | TOP500 Supercomputer Sites},
    year = {2018},
    month = nov,
    note = {\url{https://www.top500.org/lists/2018/11/}, zuletzt abgerufen am 18.\ Januar 2019}
}

@misc{cuda10rel,
    title = {NVIDIA CUDA Toolkit 10.0.130 -- Release Notes for Windows, Linux, and Mac OS},
    year = {2018},
    month = oct
}

@misc{cudaguide,
    title = {CUDA C Programming Guide},
    year = {2018},
    month = oct,
    note = {\url{https://docs.nvidia.com/cuda/cuda-c-programming-guide/index.html}, zuletzt abgerufen am 26.\ Januar 2019}
}

@misc{hcref,
    title = {HC API : Moving Beyond C++AMP for Accelerated GPU Computing},
    year = {2017},
    month = dec,
    note = {\url{https://scchan.github.io/hcc/index.html}, zuletzt abgerufen am 03.\ Februar 2019}
}

@misc{syclspec,
    title = {SYCL\texttrademark\ Specification -- SYCL integrates OpenCL devices with modern C++},
    year = {2018},
    month = jul
}

@misc{pascalguide,
    title = {Tuning CUDA Applications for Pascal},
    year = {2018},
    month = oct,
    note = {\url{https://docs.nvidia.com/cuda/pascal-tuning-guide/index.html}, zuletzt abgerufen am 20.\ Februar 2019}
}

@misc{bestpractices,
    title = {CUDA C Best Practices Guide},
    year = {2018},
    month = oct,
    note = {\url{https://docs.nvidia.com/cuda/cuda-c-best-practices-guide/index.html}, zuletzt abgerufen am 21.\ Februar 2019}
}

@misc{computecpp,
    title = {ComputeCpp CE -- Overview},
    year = {2019},
    note = {\url{https://developer.codeplay.com/computecppce/latest/overview}, zuletzt abgerufen am 10.\ Februar 2019}
}

@misc{trisycl,
    title = {triSYCL},
    year = {2018},
    month = dec,
    note = {\url{https://github.com/triSYCL/triSYCL}, zuletzt abgerufen am 10.\ Februar 2019}
}

@misc{intelsycl,
    title = {Intel Project for LLVM technology},
    year = {2019},
    month = jan,
    note = {\url{https://github.com/intel/llvm/tree/sycl}, zuletzt abgerufen am 10.\ Februar 2019}
}

@misc{golem2019,
    title = {Oracle gegen Google: Supreme Court soll Streit um Java-APIs prüfen},
    author = {Gr{\"u}ner, Sebastian},
    month = jan,
    year = {2019},
    note = {\url{https://www.golem.de/news/oracle-gegen-google-supreme-court-soll-streit-um-java-apis-pruefen-1901-138978.html}, zuletzt abgerufen am 19.\ Februar 2019}
}
